<collection xmlns="http://www.loc.gov/MARC21/slim"><record><leader>00973nam  2200289   450</leader><controlfield tag="001">866</controlfield><controlfield tag="003">http://montalegre.opacnet.com/OPAC/default.aspx?ContentAreaControl=ShowRegHoldings.ascx&amp;RegNo=16662</controlfield><controlfield tag="005">20</controlfield><datafield tag="010" ind1=" " ind2=" "><subfield code="a">972-1-03174-7</subfield></datafield><datafield tag="021" ind1=" " ind2=" "><subfield code="a">PT</subfield><subfield code="b">42467/90</subfield></datafield><datafield tag="095" ind1=" " ind2=" "><subfield code="a">PTBN00336599</subfield></datafield><datafield tag="100" ind1=" " ind2=" "><subfield code="a">19910527d1990    cd y0pory0103    ba</subfield></datafield><datafield tag="101" ind1="1" ind2=" "><subfield code="a">por</subfield><subfield code="c">eng</subfield></datafield><datafield tag="102" ind1=" " ind2=" "><subfield code="a">PT</subfield></datafield><datafield tag="105" ind1=" " ind2=" "><subfield code="a">y   z   001ay</subfield></datafield><datafield tag="106" ind1=" " ind2=" "><subfield code="a">r</subfield></datafield><datafield tag="200" ind1="1" ind2=" "><subfield code="a">&lt;O &gt;segundo livro da selva</subfield><subfield code="f">Rudyard Kipling</subfield><subfield code="g">trad. Lucília Rodrigues</subfield></datafield><datafield tag="210" ind1=" " ind2=" "><subfield code="a">Mem Martins</subfield><subfield code="c">Europa-América</subfield><subfield code="d">D.L. 1990</subfield></datafield><datafield tag="215" ind1=" " ind2=" "><subfield code="a">175, [1] p.</subfield><subfield code="d">18 cm</subfield></datafield><datafield tag="225" ind1="2" ind2=" "><subfield code="a">Livros de bolso Europa-América</subfield><subfield code="v">534</subfield></datafield><datafield tag="304" ind1=" " ind2=" "><subfield code="a">Tít. orig. : The second jungle book</subfield></datafield><datafield tag="675" ind1=" " ind2=" "><subfield code="a">087.5</subfield><subfield code="v">BN</subfield><subfield code="z">por</subfield><subfield code="v">BN</subfield><subfield code="z">por</subfield><subfield code="3">287999</subfield></datafield><datafield tag="675" ind1=" " ind2=" "><subfield code="a">820-311.3</subfield><subfield code="v">BN</subfield><subfield code="z">por</subfield><subfield code="3">438696</subfield></datafield><datafield tag="700" ind1=" " ind2="1"><subfield code="a">Kipling</subfield><subfield code="b">Rudyard</subfield><subfield code="f">1865-1936</subfield><subfield code="3">24768</subfield></datafield><datafield tag="702" ind1=" " ind2="1"><subfield code="a">Rodrigues</subfield><subfield code="b">Lucília</subfield><subfield code="4">730</subfield><subfield code="3">24770</subfield></datafield><datafield tag="801" ind1=" " ind2="0"><subfield code="a">PT</subfield><subfield code="b">Biblioteca Municipal de Montalegre</subfield><subfield code="g">RPC</subfield></datafield><datafield tag="856" ind1=" " ind2=" "><subfield code="u">locateMedia.asp?cod=20060627142239&amp;ext=jpg</subfield><subfield code="z">CAPA</subfield></datafield><datafield tag="909" ind1="&#9;" ind2=" "><subfield code="a">1</subfield></datafield><datafield tag="966" ind1=" " ind2=" "><subfield code="a">0003181</subfield><subfield code="l">BMM</subfield><subfield code="s">SJ 087.5 KIP seg 534</subfield></datafield></record></collection>